<?xml version='1.0' encoding='UTF-8'?>
<record xmlns="http://www.loc.gov/MARC21/slim">
  <leader>02722cam a2200457 a 4500</leader>
  <controlfield tag="001">228911</controlfield>
  <controlfield tag="003">NjP</controlfield>
  <controlfield tag="005">20170905101813.0</controlfield>
  <controlfield tag="008">840120m19789999ir       b    000 0 ara d</controlfield>
  <datafield tag="024" ind1="7" ind2=" ">
    <subfield code="a">princeton_aco001636</subfield>
    <subfield code="2">local</subfield>
  </datafield>
  <datafield ind1=" " ind2=" " tag="035">
    <subfield code="a">(OCoLC)ocn175703997</subfield>
  </datafield>
  <datafield ind1=" " ind2=" " tag="035">
    <subfield code="a">228911</subfield>
  </datafield>
  <datafield ind1=" " ind2=" " tag="040">
    <subfield code="a">NjP</subfield>
    <subfield code="c">PUL</subfield>
    <subfield code="d">PUL</subfield>
  </datafield>
  <datafield ind1=" " ind2=" " tag="035">
    <subfield code="a">(OCoLC)175703997</subfield>
  </datafield>
  <datafield ind1=" " ind2=" " tag="035">
    <subfield code="a">(CStRLIN)NJPG84-B3645</subfield>
  </datafield>
  <datafield ind1=" " ind2=" " tag="035">
    <subfield code="9">ABE3953TS</subfield>
  </datafield>
  <datafield ind1=" " ind2=" " tag="035">
    <subfield code="a">(NjP)228911</subfield>
  </datafield>
  <datafield ind1=" " ind2=" " tag="079">
    <subfield code="a">ocm80401499</subfield>
    <subfield code="z">ocm22324936</subfield>
  </datafield>
  <datafield ind1=" " ind2=" " tag="049">
    <subfield code="a">PULL</subfield>
  </datafield>
  <datafield ind1="1" ind2=" " tag="100">
    <subfield code="6">880-01</subfield>
    <subfield code="a">Tibrīzī, Jawād.</subfield>
  </datafield>
  <datafield ind1="1" ind2="0" tag="245">
    <subfield code="6">880-02</subfield>
    <subfield code="a">Irshād al-ṭālib ilá al-taʻlīq ʻalá al-Makāsib /</subfield>
    <subfield code="c">taʼlīf Jawād al-Tibrīzī.</subfield>
  </datafield>
  <datafield ind1=" " ind2=" " tag="260">
    <subfield code="6">880-03</subfield>
    <subfield code="a">[Qum :</subfield>
    <subfield code="b">s.n.],</subfield>
    <subfield code="c">1399- [1978- ]</subfield>
    <subfield code="e">(Qum :</subfield>
    <subfield code="f">Maṭbaʻat Mihr)</subfield>
  </datafield>
  <datafield ind1=" " ind2=" " tag="300">
    <subfield code="a">v. ;</subfield>
    <subfield code="c">25 cm.</subfield>
  </datafield>
  <datafield ind1=" " ind2=" " tag="500">
    <subfield code="a">Vol. 4 published in Qum by Maṭbaʻat Ismāʻilīyān.</subfield>
  </datafield>
  <datafield ind1=" " ind2=" " tag="500">
    <subfield code="a">Commentary on: al-Makāsib by Murtaḍá ibn Muḥammad Amīn al-Anṣārī.</subfield>
  </datafield>
  <datafield ind1="1" ind2=" " tag="505">
    <subfield code="6">880-04</subfield>
    <subfield code="a">al-juzʼ 1. Fī al-makāsib al-muḥarramah -- al-juzʼ 2. Fī al-bayʻ -- al-juzʼ 3. Baḥth al-wilāyāt, sharāyiṭ al-ʻiwaḍayn, fī al-bayʻ, al-Arāḍī wa-al-awqāf wa-al-iḥtikār -- al-juzʼ 4. Mabāḥith al-khiyārāt wa-al-shurūṭ wa-al-qabḍ wa-al-aqbāḍ.</subfield>
  </datafield>
  <datafield ind1=" " ind2=" " tag="504">
    <subfield code="a">Includes bibliographical references.</subfield>
  </datafield>
  <datafield ind1=" " ind2="0" tag="650">
    <subfield code="a">Finance (Islamic law)</subfield>
    <subfield code="0">http://id.loc.gov/authorities/subjects/sh88004573</subfield>
  </datafield>
  <datafield ind1="1" ind2="0" tag="600">
    <subfield code="6">880-05</subfield>
    <subfield code="a">Anṣārī, Murtaḍá ibn Muḥammad Amīn,</subfield>
    <subfield code="d">1799 or 1800-1864.</subfield>
    <subfield code="t">Makāsib.</subfield>
    <subfield code="0">http://id.loc.gov/authorities/names/nr92032238</subfield>
  </datafield>
  <datafield ind1="1" ind2="2" tag="700">
    <subfield code="6">880-06</subfield>
    <subfield code="a">Anṣārī, Murtaḍá ibn Muḥammad Amīn,</subfield>
    <subfield code="d">1799 or 1800-1864.</subfield>
    <subfield code="t">Makāsib.</subfield>
    <subfield code="f">1978.</subfield>
    <subfield code="0">http://id.loc.gov/authorities/names/n85281173</subfield>
  </datafield>
  <datafield ind1="0" ind2=" " tag="740">
    <subfield code="6">880-07</subfield>
    <subfield code="a">Makāsib.</subfield>
  </datafield>
  <datafield ind1="1" ind2=" " tag="880">
    <subfield code="6">100-01/r</subfield>
    <subfield code="a">تبريزي، جواد.</subfield>
  </datafield>
  <datafield ind1="1" ind2="0" tag="880">
    <subfield code="6">245-02/r</subfield>
    <subfield code="a">ارشاد الطالب الى التعليق على المكاسب /</subfield>
    <subfield code="c">تأليف جواد التبريزي.</subfield>
  </datafield>
  <datafield ind1=" " ind2=" " tag="880">
    <subfield code="6">260-03/r</subfield>
    <subfield code="a">[قم :</subfield>
    <subfield code="b">s.n.]،</subfield>
    <subfield code="c">1399- [1978- ]</subfield>
    <subfield code="e">(قم :</subfield>
    <subfield code="f">مطبعة مهر)</subfield>
  </datafield>
  <datafield ind1="1" ind2=" " tag="880">
    <subfield code="6">505-04/r</subfield>
    <subfield code="a">الجزء 1. في المكاسب المحرمة الجزء 2. في البيع الجزء 3. بحث الولايات، شرايط العوضين، في البيع، الاراضي والاوقاف والاحتكار الجزء 4. مباحث الخيارات والشروط والقبض والاقباض.</subfield>
  </datafield>
  <datafield ind1="1" ind2="0" tag="880">
    <subfield code="6">600-05/r</subfield>
    <subfield code="a">انصاري، مرتضى بن محمد امين،</subfield>
    <subfield code="d">1799 or 1800-1864.</subfield>
    <subfield code="t">مكاسب.</subfield>
  </datafield>
  <datafield ind1="1" ind2="2" tag="880">
    <subfield code="6">700-06/r</subfield>
    <subfield code="a">انصاري، مرتضى بن محمد امين،</subfield>
    <subfield code="d">1799 or 1800-1864.</subfield>
    <subfield code="t">مكاسب.</subfield>
    <subfield code="f">1978.</subfield>
  </datafield>
  <datafield ind1="0" ind2=" " tag="880">
    <subfield code="6">740-07/r</subfield>
    <subfield code="a">مكاسب.</subfield>
  </datafield>
  <datafield ind1=" " ind2=" " tag="998">
    <subfield code="a">10/06/92</subfield>
    <subfield code="s">9118</subfield>
    <subfield code="n">NjP</subfield>
    <subfield code="w">NJPG84B3645</subfield>
    <subfield code="d">01/20/84</subfield>
    <subfield code="c">JEB</subfield>
    <subfield code="b">JEB</subfield>
    <subfield code="i">921006</subfield>
    <subfield code="l">NJPG</subfield>
  </datafield>
  <datafield ind1=" " ind2=" " tag="911">
    <subfield code="a">19921028</subfield>
  </datafield>
  <datafield ind1=" " ind2=" " tag="912">
    <subfield code="a">19980422043750.0</subfield>
  </datafield>
  <datafield ind1=" " ind2=" " tag="994">
    <subfield code="a">C0</subfield>
    <subfield code="b">PUL</subfield>
  </datafield>
  <datafield ind1=" " ind2=" " tag="999">
    <subfield code="a">228911</subfield>
  </datafield>
  <datafield ind1="0" ind2="1" tag="852">
    <subfield code="0">251092</subfield>
    <subfield code="b">nec</subfield>
    <subfield code="t">1</subfield>
    <subfield code="h">KBP370.A57</subfield>
    <subfield code="i">T537 1978</subfield>
  </datafield>
  <datafield ind1=" " ind2="0" tag="866">
    <subfield code="0">251092</subfield>
    <subfield code="8">0</subfield>
    <subfield code="a">juzʾ 1-4</subfield>
  </datafield>
  <datafield ind1=" " ind2=" " tag="959">
    <subfield code="a">2000-06-13 00:00:00 -0500</subfield>
  </datafield>
</record>
